<record><leader>00000cas a22000007a 4500</leader><controlfield tag="001">8776945</controlfield><controlfield tag="008">820915d1868187udcuwr ne      0    0eng  </controlfield><datafield ind1=" " ind2=" " tag="010"><subfield code="a">sn 82006528 </subfield></datafield><datafield ind1=" " ind2=" " tag="040"><subfield code="a">DLC</subfield><subfield code="b">eng</subfield><subfield code="c">DLC</subfield><subfield code="d">NPU</subfield><subfield code="d">NPX</subfield><subfield code="d">DLC</subfield><subfield code="d">OCLCQ</subfield></datafield><datafield ind1=" " ind2=" " tag="042"><subfield code="a">msc</subfield></datafield><datafield ind1="0" ind2="0" tag="050"><subfield code="a">Newspaper 7341</subfield></datafield><datafield ind1="0" ind2="0" tag="245"><subfield code="a">Sunday morning gazette.</subfield></datafield><datafield ind1="1" ind2="3" tag="246"><subfield code="a">Sunday gazette</subfield><subfield code="f">&lt;1871&gt;</subfield></datafield><datafield ind1=" " ind2=" " tag="260"><subfield code="a">Washington [D.C. :</subfield><subfield code="b">Thomas B. Florence]</subfield></datafield><datafield ind1=" " ind2=" " tag="300"><subfield code="a">v. ;</subfield><subfield code="c">64-72 cm.</subfield></datafield><datafield ind1=" " ind2=" " tag="310"><subfield code="a">Weekly</subfield></datafield><datafield ind1="1" ind2=" " tag="362"><subfield code="a">Began in 1868.</subfield><subfield code="z">Cf. Rowell, 1870.</subfield></datafield><datafield ind1=" " ind2=" " tag="500"><subfield code="a">Published as: Sunday gazette, &lt;1871&gt;.</subfield></datafield><datafield ind1=" " ind2=" " tag="500"><subfield code="a">Publisher's name recorded in Rowell, 1870.</subfield></datafield><datafield ind1=" " ind2=" " tag="500"><subfield code="a">Publishers: N. Sardo &amp; W.H. Harrison, &lt;1871&gt;; Thomas B. Florence, &lt;1873&gt;.</subfield></datafield><datafield ind1=" " ind2=" " tag="500"><subfield code="a">Ceased between Sept. 21, 1873 and Oct. 11, 1874.</subfield></datafield><datafield ind1=" " ind2=" " tag="500"><subfield code="a">Editor: Thomas B. Florence, &lt;1871&gt;.</subfield></datafield><datafield ind1=" " ind2=" " tag="588"><subfield code="a">Description based on: Vol. 1, no. 21 (Apr. 18, 1869).</subfield></datafield><datafield ind1=" " ind2=" " tag="752"><subfield code="a">United States</subfield><subfield code="b">District of Columbia</subfield><subfield code="d">Washington.</subfield></datafield><datafield ind1="0" ind2="0" tag="785"><subfield code="t">Gazette (Washington, D.C.)</subfield><subfield code="w">(DLC)sn 82014044</subfield></datafield><datafield ind1="1" ind2=" " tag="029"><subfield code="a">AU@</subfield><subfield code="b">000025798126</subfield></datafield></record>